{
  "leader": "02425cas a2200577 i 4500",
  "fields": [
    {
      "001": "ocm01783310\\"
    },
    {
      "003": "OCoLC"
    },
    {
      "005": "20220712135046.0"
    },
    {
      "008": "740606d19662007aruqr\\p\\\\\\\\\\\\\\0\\\\\\a0eng\\\\"
    },
    {
      "010": {
        "ind1": "\\",
        "ind2": "\\",
        "subfields": [
          {
            "a": "   68006684 "
          }
        ]
      }
    },
    {
      "040": {
        "ind1": "\\",
        "ind2": "\\",
        "subfields": [
          {
            "a": "DLC"
          },
          {
            "b": "eng"
          },
          {
            "c": "DLC"
          },
          {
            "d": "NSD"
          },
          {
            "d": "DLC"
          },
          {
            "d": "OCL"
          },
          {
            "d": "AIP"
          },
          {
            "d": "NSD"
          },
          {
            "d": "AIP"
          },
          {
            "d": "NST"
          },
          {
            "d": "HUL"
          },
          {
            "d": "NST"
          },
          {
            "d": "EBZ"
          },
          {
            "d": "NSD"
          },
          {
            "d": "NST"
          },
          {
            "d": "SYS"
          },
          {
            "d": "OCLCQ"
          },
          {
            "d": "NLM"
          },
          {
            "d": "OCLCQ"
          },
          {
            "d": "DLC"
          },
          {
            "d": "OCLCQ"
          },
          {
            "d": "UKMGB"
          },
          {
            "d": "IUL"
          },
          {
            "d": "GUA"
          },
          {
            "d": "WAU"
          },
          {
            "d": "OCLCF"
          },
          {
            "d": "EYM"
          },
          {
            "d": "HLS"
          },
          {
            "d": "DLC"
          },
          {
            "d": "OCLCO"
          },
          {
            "d": "GILDS"
          },
          {
            "d": "NLC"
          },
          {
            "d": "OCLCO"
          },
          {
            "d": "OCLCQ"
          }
        ]
      }
    },
    {
      "012": {
        "ind1": "\\",
        "ind2": "\\",
        "subfields": [
          {
            "a": "3"
          },
          {
            "b": "3"
          },
          {
            "d": "7"
          },
          {
            "e": "-"
          },
          {
            "f": "-"
          },
          {
            "g": "p"
          },
          {
            "h": "-"
          }
        ]
      }
    },
    {
      "016": {
        "ind1": "\\",
        "ind2": "\\",
        "subfields": [
          {
            "a": "(AMICUS)000000091465"
          }
        ]
      }
    },
    {
      "016": {
        "ind1": "7",
        "ind2": "\\",
        "subfields": [
          {
            "a": "9876212"
          },
          {
            "2": "DNLM"
          }
        ]
      }
    },
    {
      "016": {
        "ind1": "7",
        "ind2": "\\",
        "subfields": [
          {
            "a": "J40360000"
          },
          {
            "2": "DNLM"
          }
        ]
      }
    },
    {
      "016": {
        "ind1": "7",
        "ind2": "\\",
        "subfields": [
          {
            "a": "010492545"
          },
          {
            "2": "Uk"
          }
        ]
      }
    },
    {
      "019": {
        "ind1": "\\",
        "ind2": "\\",
        "subfields": [
          {
            "a": "2448060"
          },
          {
            "a": "639868017"
          },
          {
            "a": "814602251"
          },
          {
            "a": "1063371719"
          }
        ]
      }
    },
    {
      "022": {
        "ind1": "\\",
        "ind2": "\\",
        "subfields": [
          {
            "a": "0022-5231"
          },
          {
            "l": "0022-5231"
          },
          {
            "2": "1"
          }
        ]
      }
    },
    {
      "035": {
        "ind1": "\\",
        "ind2": "\\",
        "subfields": [
          {
            "a": "(OCoLC)1783310"
          },
          {
            "z": "(OCoLC)2448060"
          },
          {
            "z": "(OCoLC)639868017"
          },
          {
            "z": "(OCoLC)814602251"
          },
          {
            "z": "(OCoLC)1063371719"
          }
        ]
      }
    },
    {
      "037": {
        "ind1": "\\",
        "ind2": "\\",
        "subfields": [
          {
            "b": "Journal of Thought, L.E.P.S., College of Education, Northern Illinois University, DeKalb, IL 60115"
          }
        ]
      }
    },
    {
      "042": {
        "ind1": "\\",
        "ind2": "\\",
        "subfields": [
          {
            "a": "pcc"
          },
          {
            "a": "nsdp"
          }
        ]
      }
    },
    {
      "050": {
        "ind1": "0",
        "ind2": "0",
        "subfields": [
          {
            "a": "L11"
          },
          {
            "b": ".J86"
          }
        ]
      }
    },
    {
      "082": {
        "ind1": "0",
        "ind2": "4",
        "subfields": [
          {
            "a": "370"
          },
          {
            "b": "JOU"
          }
        ]
      }
    },
    {
      "210": {
        "ind1": "0",
        "ind2": "\\",
        "subfields": [
          {
            "a": "J. thought"
          }
        ]
      }
    },
    {
      "222": {
        "ind1": "\\",
        "ind2": "0",
        "subfields": [
          {
            "a": "Journal of thought"
          }
        ]
      }
    },
    {
      "245": {
        "ind1": "0",
        "ind2": "0",
        "subfields": [
          {
            "a": "Journal of thought."
          }
        ]
      }
    },
    {
      "260": {
        "ind1": "\\",
        "ind2": "\\",
        "subfields": [
          {
            "a": "[Fayetteville, Ark., etc.]"
          },
          {
            "b": "Journal of Thought Fund"
          }
        ]
      }
    },
    {
      "300": {
        "ind1": "\\",
        "ind2": "\\",
        "subfields": [
          {
            "a": "volumes"
          },
          {
            "c": "22 cm"
          }
        ]
      }
    },
    {
      "310": {
        "ind1": "\\",
        "ind2": "\\",
        "subfields": [
          {
            "a": "Quarterly"
          }
        ]
      }
    },
    {
      "336": {
        "ind1": "\\",
        "ind2": "\\",
        "subfields": [
          {
            "a": "text"
          },
          {
            "b": "txt"
          },
          {
            "2": "rdacontent"
          }
        ]
      }
    },
    {
      "337": {
        "ind1": "\\",
        "ind2": "\\",
        "subfields": [
          {
            "a": "unmediated"
          },
          {
            "b": "n"
          },
          {
            "2": "rdamedia"
          }
        ]
      }
    },
    {
      "338": {
        "ind1": "\\",
        "ind2": "\\",
        "subfields": [
          {
            "a": "volume"
          },
          {
            "b": "nc"
          },
          {
            "2": "rdacarrier"
          }
        ]
      }
    },
    {
      "362": {
        "ind1": "1",
        "ind2": "\\",
        "subfields": [
          {
            "a": "Began with vol. 1, no. 1 (Jan. 1966); ceased with v. 42, no. 1/2 (spring/summer 2007)."
          }
        ]
      }
    },
    {
      "500": {
        "ind1": "\\",
        "ind2": "\\",
        "subfields": [
          {
            "a": "\"An interdisciplinary quarterly.\""
          }
        ]
      }
    },
    {
      "515": {
        "ind1": "\\",
        "ind2": "\\",
        "subfields": [
          {
            "a": "Some issues have also a distinctive title."
          }
        ]
      }
    },
    {
      "588": {
        "ind1": "1",
        "ind2": "\\",
        "subfields": [
          {
            "a": "Volume 18, number 3 (Fall 1983)"
          }
        ]
      }
    },
    {
      "650": {
        "ind1": "\\",
        "ind2": "0",
        "subfields": [
          {
            "a": "Education"
          },
          {
            "v": "Periodicals."
          }
        ]
      }
    },
    {
      "650": {
        "ind1": "\\",
        "ind2": "7",
        "subfields": [
          {
            "a": "Education."
          },
          {
            "2": "fast"
          },
          {
            "0": "(OCoLC)fst00902499"
          }
        ]
      }
    },
    {
      "655": {
        "ind1": "\\",
        "ind2": "7",
        "subfields": [
          {
            "a": "Periodicals."
          },
          {
            "2": "fast"
          },
          {
            "0": "(OCoLC)fst01411641"
          }
        ]
      }
    },
    {
      "655": {
        "ind1": "\\",
        "ind2": "7",
        "subfields": [
          {
            "a": "Periodicals."
          },
          {
            "2": "lcgft"
          }
        ]
      }
    },
    {
      "710": {
        "ind1": "2",
        "ind2": "\\",
        "subfields": [
          {
            "a": "Journal of Thought Fund."
          }
        ]
      }
    },
    {
      "776": {
        "ind1": "0",
        "ind2": "8",
        "subfields": [
          {
            "i": "Continued online:"
          },
          {
            "t": "Journal of thought (Online)"
          },
          {
            "x": "2375-270X"
          },
          {
            "w": "(DLC)  2012252887"
          },
          {
            "w": "(OCoLC)60463747"
          }
        ]
      }
    },
    {
      "776": {
        "ind1": "0",
        "ind2": "8",
        "subfields": [
          {
            "i": "CD-ROM version, 2008- :"
          },
          {
            "t": "Journal of thought"
          },
          {
            "x": "2375-2718"
          },
          {
            "w": "(DLC)  2012252888"
          },
          {
            "w": "(OCoLC)743313454"
          }
        ]
      }
    },
    {
      "850": {
        "ind1": "\\",
        "ind2": "\\",
        "subfields": [
          {
            "a": "CoU"
          },
          {
            "a": "DLC"
          },
          {
            "a": "MChB"
          },
          {
            "a": "MH-Ed"
          },
          {
            "a": "MnU"
          },
          {
            "a": "MiD"
          },
          {
            "a": "NcWsW"
          },
          {
            "a": "OCU"
          },
          {
            "a": "OrU"
          },
          {
            "a": "PPiU"
          }
        ]
      }
    },
    {
      "856": {
        "ind1": "4",
        "ind2": "1",
        "subfields": [
          {
            "u": "http://www.jstor.org/action/showPublication?journalCode=jthought"
          }
        ]
      }
    },
    {
      "891": {
        "ind1": "0",
        "ind2": "3",
        "subfields": [
          {
            "9": "853"
          },
          {
            "8": "1"
          },
          {
            "a": "v."
          },
          {
            "b": "no."
          },
          {
            "i": "(year)"
          },
          {
            "j": "(month)"
          }
        ]
      }
    },
    {
      "891": {
        "ind1": "4",
        "ind2": "0",
        "subfields": [
          {
            "9": "863"
          },
          {
            "8": "1"
          },
          {
            "a": "<1>-"
          },
          {
            "i": "<1966>-"
          },
          {
            "x": "provisional"
          }
        ]
      }
    },
    {
      "936": {
        "ind1": "\\",
        "ind2": "\\",
        "subfields": [
          {
            "a": "Vol. 42, no. 1/2 (spring/summer 2007)"
          }
        ]
      }
    },
    {
      "994": {
        "ind1": "\\",
        "ind2": "\\",
        "subfields": [
          {
            "a": "Z0"
          },
          {
            "b": "NYRVC"
          }
        ]
      }
    },
    {
      "948": {
        "ind1": "\\",
        "ind2": "\\",
        "subfields": [
          {
            "h": "NO HOLDINGS IN NYRVC - 212 OTHER HOLDINGS"
          }
        ]
      }
    },
    {
      "999": {
        "ind1": "\\",
        "ind2": "\\",
        "subfields": [
          {
            "a": "00000000013239"
          },
          {
            "v": "Volume 18, number 3"
          }
        ]
      }
    }
  ]
}